@article{anuradha2015brief,
  title     = {A brief introduction on Big Data 5Vs characteristics and Hadoop technology},
  author    = {Anuradha, J and others},
  journal   = {Procedia computer science},
  volume    = {48},
  pages     = {319--324},
  year      = {2015},
  publisher = {Elsevier}
}
@article{sun2023survey,
  title     = {Survey of Distributed Computing Frameworks for Supporting Big Data Analysis},
  author    = {Sun, Xudong and He, Yulin and Wu, Dingming and Huang, Joshua Zhexue},
  journal   = {Big Data Mining and Analytics},
  volume    = {6},
  number    = {2},
  pages     = {154--169},
  year      = {2023},
  publisher = {TUP}
}
@article{gunther2017debating,
  title     = {Debating big data: A literature review on realizing value from big data},
  author    = {G{\"u}nther, Wendy Arianne and Mehrizi, Mohammad H Rezazade and Huysman, Marleen and Feldberg, Frans},
  journal   = {The Journal of Strategic Information Systems},
  volume    = {26},
  number    = {3},
  pages     = {191--209},
  year      = {2017},
  publisher = {Elsevier}
}
@inproceedings{zaharia2012resilient,
  title     = {Resilient distributed datasets: A fault-tolerant abstraction for in-memory cluster computing},
  author    = {Zaharia, Matei and Chowdhury, Mosharaf and Das, Tathagata and Dave, Ankur and Ma, Justin and McCauly, Murphy and Franklin, Michael J and Shenker, Scott and Stoica, Ion},
  booktitle = {Presented as part of the [...]},
  eventtitle ={9th $\{$USENIX$\}$ Symposium on Networked Systems Design and Implementation ($\{$NSDI$\}$ 12)},
  pages     = {15--28},
  year      = {2012}
}